@mvbook{pigon,
author = {Krzysztof Pigoń and Zdzisław Ruziewicz},
title = {Chemia fizyczna},
date = {2012},
subtitle = {Fizykochemia molekularna},
number = {2},
}


@book{erp,
author = {S. A Altshuler and B. M. Kozyrev},
title = {elektronowy rezonans paramagnetyczny},
date = {1965},
}


@book{atkins,
author = {P. W. Atkins},
title = {Molekularna Mechanika Kwantowa},
date = {1974},
}


@book{iwo,
author = {Iwo Białynicki-Birula and Marek Cieplak and Jerzy Kamiński},
title = {Teoria kwantów},
date = {1991},
subtitle = {Mechanika falowa},
}
